%% Saved with string encoding Unicode (UTF-8) 
%% AA
%%RHIC White papers


%%ZDC
@article{Cortese:2019nnv,
    author = "Cortese, Pietro",
    collaboration = "ALICE",
    title = "{Performance of the ALICE Zero Degree Calorimeters and upgrade strategy}",
    doi = "10.1088/1742-6596/1162/1/012006",
    journal = "J. Phys. Conf. Ser.",
    volume = "1162",
    number = "1",
    pages = "012006",
    year = "2019"
}
%%SPD
@phdthesis{Cali:2008zz,
    author = "Cali, Ivan Amos",
    title = "{The ALICE silicon pixel detector control and calibration systems}",
    reportNumber = "CERN-THESIS-2008-038",
    school = "Bari U.",
    year = "2008"
}
%%V0
@article{ALICE:2013axi,
    author = "Abbas, E. and others",
    collaboration = "ALICE",
    title = "{Performance of the ALICE VZERO system}",
    eprint = "1306.3130",
    archivePrefix = "arXiv",
    primaryClass = "nucl-ex",
    reportNumber = "CERN-PH-EP-2013-082",
    doi = "10.1088/1748-0221/8/10/P10016",
    journal = "JINST",
    volume = "8",
    pages = "P10016",
    year = "2013"
}
%%ITS
@article{ALICE:2010tia,
    author = "Aamodt, K and others",
    collaboration = "ALICE",
    title = "{Alignment of the ALICE Inner Tracking System with cosmic-ray tracks}",
    eprint = "1001.0502",
    archivePrefix = "arXiv",
    primaryClass = "physics.ins-det",
    doi = "10.1088/1748-0221/5/03/P03003",
    journal = "JINST",
    volume = "5",
    pages = "P03003",
    year = "2010"
}
%%TPC
@article{Alme:2010ke,
    author = "Alme, J. and others",
    title = "{The ALICE TPC, a large 3-dimensional tracking device with fast readout for ultra-high multiplicity events}",
    eprint = "1001.1950",
    archivePrefix = "arXiv",
    primaryClass = "physics.ins-det",
    doi = "10.1016/j.nima.2010.04.042",
    journal = "Nucl. Instrum. Meth. A",
    volume = "622",
    pages = "316--367",
    year = "2010"
}
%%TOF
@article{Jacazio:2018slq,
    author = "Jacazio, Nicol\`o",
    collaboration = "ALICE",
    title = "{PID performance of the ALICE-TOF detector at Run 2}",
    eprint = "1809.00574",
    archivePrefix = "arXiv",
    primaryClass = "physics.ins-det",
    doi = "10.22323/1.321.0232",
    journal = "PoS",
    volume = "LHCP2018",
    pages = "232",
    year = "2018"
}
%%tracking
@article{ALICE:2013wgn,
    author = "Abelev, Betty Bezverkhny and others",
    collaboration = "ALICE",
    title = "{Multiplicity Dependence of Pion, Kaon, Proton and Lambda Production in p-Pb Collisions at $\sqrt{s_{NN}}$ = 5.02 TeV}",
    eprint = "1307.6796",
    archivePrefix = "arXiv",
    primaryClass = "nucl-ex",
    reportNumber = "CERN-PH-EP-2013-135",
    doi = "10.1016/j.physletb.2013.11.020",
    journal = "Phys. Lett. B",
    volume = "728",
    pages = "25--38",
    year = "2014"
}
%phase space correction
@article{Rapp:2003ar,
    author = "Rapp, Ralf",
    title = "{pi+ pi- emission in high-energy nuclear collisions}",
    eprint = "hep-ph/0305011",
    archivePrefix = "arXiv",
    doi = "10.1016/S0375-9474(03)01581-1",
    journal = "Nucl. Phys. A",
    volume = "725",
    pages = "254--268",
    year = "2003"
}

%rBW1
@article{ALICE:2015nbw,
    author = "Adam, Jaroslav and others",
    collaboration = "ALICE",
    title = "{Coherent \ensuremath{\rho}$^{0}$ photoproduction in ultra-peripheral Pb-Pb collisions at $ \sqrt{s_{\mathrm{NN}}}=2.76 $ TeV}",
    eprint = "1503.09177",
    archivePrefix = "arXiv",
    primaryClass = "nucl-ex",
    reportNumber = "CERN-PH-EP-2015-082",
    doi = "10.1007/JHEP09(2015)095",
    journal = "JHEP",
    volume = "09",
    pages = "095",
    year = "2015"
}
%background
@article{OPAL:1998enc,
    author = "Ackerstaff, K. and others",
    collaboration = "OPAL",
    title = "{Photon and light meson production in hadronic Z0 decays}",
    eprint = "hep-ex/9805011",
    archivePrefix = "arXiv",
    reportNumber = "CERN-EP-98-054",
    doi = "10.1007/s100520050286",
    journal = "Eur. Phys. J. C",
    volume = "5",
    pages = "411--437",
    year = "1998"
}
%br
@article{Stone:2013eaa,
    author = "Stone, Sheldon and Zhang, Liming",
    title = "{Use of $B\to J/\psi f_0$ decays to discern the $q \bar{q}$ or tetraquark nature of scalar mesons}",
    eprint = "1305.6554",
    archivePrefix = "arXiv",
    primaryClass = "hep-ex",
    doi = "10.1103/PhysRevLett.111.062001",
    journal = "Phys. Rev. Lett.",
    volume = "111",
    number = "6",
    pages = "062001",
    year = "2013"
}
%gl
@article{Miller:2007ri,
    author = "Miller, Michael L. and Reygers, Klaus and Sanders, Stephen J. and Steinberg, Peter",
    title = "{Glauber modeling in high energy nuclear collisions}",
    eprint = "nucl-ex/0701025",
    archivePrefix = "arXiv",
    doi = "10.1146/annurev.nucl.57.090506.123020",
    journal = "Ann. Rev. Nucl. Part. Sci.",
    volume = "57",
    pages = "205--243",
    year = "2007"
}
%LS
@article{PhysRevD.36.2019,
  title = {A multiple-interaction model for the event structure in hadron collisions},
  author = {Sj\"ostrand, Torbj\"orn and van Zijl, Maria},
  journal = {Phys. Rev. D},
  volume = {36},
  issue = {7},
  pages = {2019--2041},
  numpages = {0},
  year = {1987},
  month = {Oct},
  publisher = {American Physical Society},
  doi = {10.1103/PhysRevD.36.2019},
  url = {https://link.aps.org/doi/10.1103/PhysRevD.36.2019}
}
%PDG
@article{ParticleDataGroup:2020ssz,
    author = "Zyla, P. A. and others",
    collaboration = "Particle Data Group",
    title = "{Review of Particle Physics}",
    doi = "10.1093/ptep/ptaa104",
    journal = "PTEP",
    volume = "2020",
    number = "8",
    pages = "083C01",
    year = "2020"
}
%PSTEMP
@article{ALICE:2013wgn,
    author = "Abelev, Betty Bezverkhny and others",
    collaboration = "ALICE",
    title = "{Multiplicity Dependence of Pion, Kaon, Proton and Lambda Production in p-Pb Collisions at $\sqrt{s_{NN}}$ = 5.02 TeV}",
    eprint = "1307.6796",
    archivePrefix = "arXiv",
    primaryClass = "nucl-ex",
    reportNumber = "CERN-PH-EP-2013-135",
    doi = "10.1016/j.physletb.2013.11.020",
    journal = "Phys. Lett. B",
    volume = "728",
    pages = "25--38",
    year = "2014"
}